@INPROCEEDINGS{Barham:2003:XAV:945445.945462,
  author = {Barham, Paul and Dragovic, Boris and Fraser, Keir and Hand, Steven
	and Harris, Tim and Ho, Alex and Neugebauer, Rolf and Pratt, Ian
	and Warfield, Andrew},
  title = {Xen and the art of virtualization},
  booktitle = {Proceedings of the nineteenth ACM symposium on Operating systems
	principles},
  year = {2003},
  series = {SOSP '03},
  pages = {164--177},
  address = {New York, NY, USA},
  publisher = {ACM},
  acmid = {945462},
  doi = {10.1145/945445.945462},
  file = {:/home/jinliang/Work/materials/paper-read.git/Barham-SOSP-2003.pdf:PDF},
  isbn = {1-58113-757-5},
  keywords = {hypervisors, paravirtualization, virtual machine monitors},
  location = {Bolton Landing, NY, USA},
  numpages = {14},
  url = {http://doi.acm.org/10.1145/945445.945462}
}
